% This is for your references, 
% here are examples on how to reference web-pages, books and articles!

@online{AnExpert,
        author = "Experts on animals",
        title = "Animals and Society",
        year = "1984",
        month = "Aug",
        url = "http://www.animalsandsociety.org/main/",
        urldate = "1984-08-22"
}

@book{ATraveler,
    author    = "Arsenius Jigger",
    title     = "Magical Drafts and Potions",
    year      = "1984",
    publisher = "Flourish and Blotts"
}


@Article{GanTut,
Author = {Ian Goodfellow},
Title = {NIPS 2016 Tutorial: Generative Adversarial Networks},
Year = {2016},
Eprint = {arXiv:1701.00160},
}

@article{1,
Author = {Peter J. Diggle and Richard J. Gratton},
journal = {Journal of the Royal Statistical Society. Series B (Methodological)},
number = {2},
pages = {193-227},
publisher = {[Royal Statistical Society, Wiley]},
title = {Monte Carlo Methods of Inference for Implicit Statistical Models},
volume = {46},
year = {1984}
}

@online{Gan-overview,
		author =" \url{https://ishmaelbelghazi.github.io/ALI/}",
        title = "",
        year = "",
        month = "",
        url = {"https://ishmaelbelghazi.github.io/ALI/"},
}